@article{kim2019,
  title={Automatic scoring of semantic fluency},
  author={Kim, Najoung and Kim, Jung-Ho and Wolters, Maria K and MacPherson, Sarah E and Park, Jong C},
  journal={Frontiers in psychology},
  volume={10},
  pages={1020},
  year={2019},
  publisher={Frontiers}
}
@article{drozd2015,
  title={Нарушение вербальной беглости у больных шизофренией},
  author={Drozdova, K. and Rupchev, G. and Semenova, N.},
  journal={Социальная и клиническая психиатрия},
  volume={25},
  number={4},
  year={2015},
  publisher={Общество с ограниченной ответственностью {\guillemotleft}Издательский Дом {\guillemotleft}МЕДПРАКТИКА-М{\guillemotright}}
}
@book{KutuzovKuzmenko2017,
    author="Kutuzov, Andrey and Kuzmenko, Elizaveta",
    editor="Ignatov, Dmitry I. and Khachay, Mikhail Yu. and Labunets, Valeri G. and Loukachevitch, Natalia and Nikolenko, Sergey I. and Panchenko, Alexander and Savchenko, Andrey V. and Vorontsov, Konstantin",
    title="WebVectors: A Toolkit for Building Web Interfaces for Vector Semantic Models",
    bookTitle="Analysis of Images, Social Networks and Texts: 5th International Conference, AIST 2016, Yekaterinburg, Russia, April 7-9, 2016, Revised Selected Papers",
    year="2017",
    publisher="Springer International Publishing",
    address="Cham",
    pages="155--161",
    isbn="978-3-319-52920-2",
    doi="10.1007/978-3-319-52920-2_15",
    url="http://dx.doi.org/10.1007/978-3-319-52920-2_15"
}